@mastersthesis{Rodionov2021,
  author = {Rodionov, Nikita},
  title = {Towards Knowledge management system for DevOps: Design research of the architectural concept},
  school = {Advisor: Professor Adrian Holzer},
  year = {2021},
  month = {January},
  type = {Master's thesis},
  doi = {10.13140/RG.2.2.13347.58401},
  url = {https://www.researchgate.net/publication/353622591_Towards_Knowledge_management_system_for_DevOps_Design_research_of_the_architectural_concept/}
}

@article{HumbleMolesky2011,
  author = {Humble, Jez and Molesky, Joanne},
  title = {Why Enterprises Must Adopt Devops to Enable Continuous Delivery},
  journal = {CUTTER IT JOURNAL},
  year = {2011},
  month = {August},
  url = {https://www.uio.no/studier/emner/matnat/ifi/IN5430/v20/pensumliste/readings/humblemolesky_2011_devops.pdf},
  note = {Accessed: 2024-02-24}
}
@inbook{Azad2023DevOps,
  author = {Azad, Nasreen and Hyrynsalmi, Sami and Mäntymäki, Matti},
  title = {Understanding DevOps Critical Success Factors: Insights from Professionals},
  booktitle = {New Sustainable Horizons in Artificial Intelligence and Digital Solutions},
  publisher = {Springer},
  year = {2023},
  month = {December},
  doi = {10.1007/978-3-031-50040-4_7},
  chapter = {7},
  note = {DOI: 10.1007/978-3-031-50040-4_7}
}
